@article{beltramelli:pix2code,
  author    = {Tony Beltramelli},
  title     = {pix2code: Generating Code from a Graphical User Interface Screenshot},
  journal   = {CoRR},
  volume    = {abs/1705.07962},
  year      = {2017},
  url       = {http://arxiv.org/abs/1705.07962},
  archivePrefix = {arXiv},
  eprint    = {1705.07962},
  timestamp = {Mon, 13 Aug 2018 16:49:01 +0200},
  biburl    = {https://dblp.org/rec/bib/journals/corr/Beltramelli17},
  bibsource = {dblp computer science bibliography, https://dblp.org}
}

@article{selsam:satsolver,
  author    = {Daniel Selsam and
               Matthew Lamm and
               Benedikt B{\"{u}}nz and
               Percy Liang and
               Leonardo de Moura and
               David L. Dill},
  title     = {Learning a {SAT} Solver from Single-Bit Supervision},
  journal   = {CoRR},
  volume    = {abs/1802.03685},
  year      = {2018},
  url       = {http://arxiv.org/abs/1802.03685},
  archivePrefix = {arXiv},
  eprint    = {1802.03685},
  timestamp = {Mon, 13 Aug 2018 16:47:15 +0200},
  biburl    = {https://dblp.org/rec/bib/journals/corr/abs-1802-03685},
  bibsource = {dblp computer science bibliography, https://dblp.org}
}

@article{deepmind:graphnets,
  author    = {Peter W. Battaglia and
               Jessica B. Hamrick and
               Victor Bapst and
               Alvaro Sanchez{-}Gonzalez and
               Vin{\'{\i}}cius Flores Zambaldi and
               Mateusz Malinowski and
               Andrea Tacchetti and
               David Raposo and
               Adam Santoro and
               Ryan Faulkner and
               {\c{C}}aglar G{\"{u}}l{\c{c}}ehre and
               Francis Song and
               Andrew J. Ballard and
               Justin Gilmer and
               George E. Dahl and
               Ashish Vaswani and
               Kelsey Allen and
               Charles Nash and
               Victoria Langston and
               Chris Dyer and
               Nicolas Heess and
               Daan Wierstra and
               Pushmeet Kohli and
               Matthew Botvinick and
               Oriol Vinyals and
               Yujia Li and
               Razvan Pascanu},
  title     = {Relational inductive biases, deep learning, and graph networks},
  journal   = {CoRR},
  volume    = {abs/1806.01261},
  year      = {2018},
  url       = {http://arxiv.org/abs/1806.01261},
  archivePrefix = {arXiv},
  eprint    = {1806.01261},
  timestamp = {Mon, 13 Aug 2018 16:46:25 +0200},
  biburl    = {https://dblp.org/rec/bib/journals/corr/abs-1806-01261},
  bibsource = {dblp computer science bibliography, https://dblp.org}
}

@inproceedings{krizhevsky:imagenet,
  title={Imagenet classification with deep convolutional neural networks},
  author={Alex Krizhevsky and Ilya Sutskever and Geoffrey E. Hinton},
  booktitle={Advances in neural information processing systems},
  pages={1097--1105},
  year={2012}
}

@article{lecun:lenet, 
  author={Yann LeCun and LÃ©on Bottou and Yoshua Bengio and Patrick Haffner}, 
  journal={Proceedings of the IEEE}, 
  title={Gradient-based learning applied to document recognition}, 
  year={1998}, 
  volume={86}, 
  number={11}, 
  pages={2278-2324}, 
  keywords={optical character recognition;multilayer perceptrons;backpropagation;convolution;gradient-based learning;document recognition;multilayer neural networks;back-propagation;gradient based learning technique;complex decision surface synthesis;high-dimensional patterns;handwritten character recognition;handwritten digit recognition task;2D shape variability;document recognition systems;field extraction;segmentation recognition;language modeling;graph transformer networks;GTN;multimodule systems;performance measure minimization;cheque reading;convolutional neural network character recognizers;Neural networks;Pattern recognition;Machine learning;Optical character recognition software;Character recognition;Feature extraction;Multi-layer neural network;Optical computing;Hidden Markov models;Principal component analysis}, 
  doi={10.1109/5.726791}, 
  ISSN={0018-9219}, 
  month={Nov},
}

@article{deepimageprior,
  author    = {Dmitry Ulyanov and
               Andrea Vedaldi and
               Victor S. Lempitsky},
  title     = {Deep Image Prior},
  journal   = {CoRR},
  volume    = {abs/1711.10925},
  year      = {2017},
  url       = {http://arxiv.org/abs/1711.10925},
  archivePrefix = {arXiv},
  eprint    = {1711.10925},
  timestamp = {Mon, 13 Aug 2018 16:47:52 +0200},
  biburl    = {https://dblp.org/rec/bib/journals/corr/abs-1711-10925},
  bibsource = {dblp computer science bibliography, https://dblp.org}
}

@book{goodfellow:dlbook,
    title={Deep Learning},
    author={Ian Goodfellow and Yoshua Bengio and Aaron Courville},
    publisher={MIT Press},
    note={\url{http://www.deeplearningbook.org}},
    year={2016}
}

@article{graphnetsreddit,
  author    = {William L. Hamilton and
               Rex Ying and
               Jure Leskovec},
  title     = {Inductive Representation Learning on Large Graphs},
  journal   = {CoRR},
  volume    = {abs/1706.02216},
  year      = {2017},
  url       = {http://arxiv.org/abs/1706.02216},
  archivePrefix = {arXiv},
  eprint    = {1706.02216},
  timestamp = {Mon, 13 Aug 2018 16:46:12 +0200},
  biburl    = {https://dblp.org/rec/bib/journals/corr/HamiltonYL17},
  bibsource = {dblp computer science bibliography, https://dblp.org}
}

@article{graphnetscitationgraph,
  author    = {Thomas N. Kipf and
               Max Welling},
  title     = {Semi-Supervised Classification with Graph Convolutional Networks},
  journal   = {CoRR},
  volume    = {abs/1609.02907},
  year      = {2016},
  url       = {http://arxiv.org/abs/1609.02907},
  archivePrefix = {arXiv},
  eprint    = {1609.02907},
  timestamp = {Mon, 13 Aug 2018 16:48:31 +0200},
  biburl    = {https://dblp.org/rec/bib/journals/corr/KipfW16},
  bibsource = {dblp computer science bibliography, https://dblp.org}
}

@article{graphnetsphysicsengine,
  author    = {Alvaro Sanchez{-}Gonzalez and
               Nicolas Heess and
               Jost Tobias Springenberg and
               Josh Merel and
               Martin A. Riedmiller and
               Raia Hadsell and
               Peter Battaglia},
  title     = {Graph networks as learnable physics engines for inference and control},
  journal   = {CoRR},
  volume    = {abs/1806.01242},
  year      = {2018},
  url       = {http://arxiv.org/abs/1806.01242},
  archivePrefix = {arXiv},
  eprint    = {1806.01242},
  timestamp = {Mon, 13 Aug 2018 16:47:44 +0200},
  biburl    = {https://dblp.org/rec/bib/journals/corr/abs-1806-01242},
  bibsource = {dblp computer science bibliography, https://dblp.org}
}

@article{graphnetsphysics2,
  author    = {Peter W. Battaglia and
               Razvan Pascanu and
               Matthew Lai and
               Danilo Jimenez Rezende and
               Koray Kavukcuoglu},
  title     = {Interaction Networks for Learning about Objects, Relations and Physics},
  journal   = {CoRR},
  volume    = {abs/1612.00222},
  year      = {2016},
  url       = {http://arxiv.org/abs/1612.00222},
  archivePrefix = {arXiv},
  eprint    = {1612.00222},
  timestamp = {Mon, 13 Aug 2018 16:47:50 +0200},
  biburl    = {https://dblp.org/rec/bib/journals/corr/BattagliaPLRK16},
  bibsource = {dblp computer science bibliography, https://dblp.org}
}

@incollection{graphnetsproteininterface,
  title = {Protein Interface Prediction using Graph Convolutional Networks},
  author = {Alex Fout and Jonathon Byrd and Basir Shariat and Asa Ben-Hur},
  booktitle = {Advances in Neural Information Processing Systems 30},
  editor = {I. Guyon and U. V. Luxburg and S. Bengio and H. Wallach and R. Fergus and S. Vishwanathan and R. Garnett},
  pages = {6530--6539},
  year = {2017},
  publisher = {Curran Associates, Inc.},
  url = {http://papers.nips.cc/paper/7231-protein-interface-prediction-using-graph-convolutional-networks.pdf}
}

@article{dai:graphnetscombinatorialalgo,
  author    = {Hanjun Dai and
               Elias B. Khalil and
               Yuyu Zhang and
               Bistra Dilkina and
               Le Song},
  title     = {Learning Combinatorial Optimization Algorithms over Graphs},
  journal   = {CoRR},
  volume    = {abs/1704.01665},
  year      = {2017},
  url       = {http://arxiv.org/abs/1704.01665},
  archivePrefix = {arXiv},
  eprint    = {1704.01665},
  timestamp = {Mon, 13 Aug 2018 16:48:46 +0200},
  biburl    = {https://dblp.org/rec/bib/journals/corr/DaiKZDS17},
  bibsource = {dblp computer science bibliography, https://dblp.org}
}
