@article{beltramelli:pix2code,
  author    = {Tony Beltramelli},
  title     = {pix2code: Generating Code from a Graphical User Interface Screenshot},
  journal   = {CoRR},
  volume    = {abs/1705.07962},
  year      = {2017},
  url       = {http://arxiv.org/abs/1705.07962},
  archivePrefix = {arXiv},
  eprint    = {1705.07962},
  timestamp = {Mon, 13 Aug 2018 16:49:01 +0200},
  biburl    = {https://dblp.org/rec/bib/journals/corr/Beltramelli17},
  bibsource = {dblp computer science bibliography, https://dblp.org}
}

@article{selsam:satsolver,
  author    = {Daniel Selsam and
               Matthew Lamm and
               Benedikt B{\"{u}}nz and
               Percy Liang and
               Leonardo de Moura and
               David L. Dill},
  title     = {Learning a {SAT} Solver from Single-Bit Supervision},
  journal   = {CoRR},
  volume    = {abs/1802.03685},
  year      = {2018},
  url       = {http://arxiv.org/abs/1802.03685},
  archivePrefix = {arXiv},
  eprint    = {1802.03685},
  timestamp = {Mon, 13 Aug 2018 16:47:15 +0200},
  biburl    = {https://dblp.org/rec/bib/journals/corr/abs-1802-03685},
  bibsource = {dblp computer science bibliography, https://dblp.org}
}

@article{deepmind:graphnets,
  author    = {Peter W. Battaglia and
               Jessica B. Hamrick and
               Victor Bapst and
               Alvaro Sanchez{-}Gonzalez and
               Vin{\'{\i}}cius Flores Zambaldi and
               Mateusz Malinowski and
               Andrea Tacchetti and
               David Raposo and
               Adam Santoro and
               Ryan Faulkner and
               {\c{C}}aglar G{\"{u}}l{\c{c}}ehre and
               Francis Song and
               Andrew J. Ballard and
               Justin Gilmer and
               George E. Dahl and
               Ashish Vaswani and
               Kelsey Allen and
               Charles Nash and
               Victoria Langston and
               Chris Dyer and
               Nicolas Heess and
               Daan Wierstra and
               Pushmeet Kohli and
               Matthew Botvinick and
               Oriol Vinyals and
               Yujia Li and
               Razvan Pascanu},
  title     = {Relational inductive biases, deep learning, and graph networks},
  journal   = {CoRR},
  volume    = {abs/1806.01261},
  year      = {2018},
  url       = {http://arxiv.org/abs/1806.01261},
  archivePrefix = {arXiv},
  eprint    = {1806.01261},
  timestamp = {Mon, 13 Aug 2018 16:46:25 +0200},
  biburl    = {https://dblp.org/rec/bib/journals/corr/abs-1806-01261},
  bibsource = {dblp computer science bibliography, https://dblp.org}
}
